<record><leader>00000cas a22000007a 4500</leader><controlfield tag="001">26870010</controlfield><controlfield tag="008">921027d19uu191unmuwr ne      0    0eng d</controlfield><datafield ind1=" " ind2=" " tag="010"><subfield code="a">sn 92070480 </subfield></datafield><datafield ind1=" " ind2=" " tag="040"><subfield code="a">NVM</subfield><subfield code="b">eng</subfield><subfield code="c">NVM</subfield><subfield code="d">OCLCQ</subfield><subfield code="d">OCLCF</subfield><subfield code="d">OCLCO</subfield><subfield code="d">IUL</subfield></datafield><datafield ind1=" " ind2=" " tag="042"><subfield code="a">msc</subfield></datafield><datafield ind1=" " ind2=" " tag="043"><subfield code="a">n-us-nm</subfield></datafield><datafield ind1="0" ind2="0" tag="245"><subfield code="a">Mora County sentinel.</subfield></datafield><datafield ind1="1" ind2="3" tag="246"><subfield code="a">Mora County sentinel and El combate</subfield><subfield code="f">&lt;Jan. 6, 1911&gt;-May 19, 1911</subfield></datafield><datafield ind1=" " ind2=" " tag="260"><subfield code="a">Wagon Mound, N.M. :</subfield><subfield code="b">Sentinel Pub. Co.</subfield></datafield><datafield ind1=" " ind2=" " tag="300"><subfield code="a">v.</subfield></datafield><datafield ind1="1" ind2=" " tag="362"><subfield code="a">Began in 1909? Ceased with Mar. 23, 1918?</subfield><subfield code="z">Cf. Grove, Pearce S. /New Mexico newspapers.</subfield></datafield><datafield ind1=" " ind2=" " tag="530"><subfield code="a">Also issued on microfilm: Cleveland, Ohio : Micro Photo, Inc.</subfield></datafield><datafield ind1=" " ind2=" " tag="580"><subfield code="a">Issued jointly with El Combate &lt;Jan. 6&gt;-May 19, 1911.</subfield></datafield><datafield ind1=" " ind2=" " tag="588"><subfield code="a">Description based on: Vol. 10, no. 5 (Jan. 6, 1911).</subfield></datafield><datafield ind1=" " ind2="0" tag="650"><subfield code="a">Hispanic Americans</subfield><subfield code="z">New Mexico</subfield><subfield code="v">Newspapers.</subfield></datafield><datafield ind1=" " ind2="4" tag="651"><subfield code="a">Wagon Mound (N.M.)</subfield><subfield code="v">Newspapers.</subfield></datafield><datafield ind1=" " ind2="4" tag="651"><subfield code="a">Mora County (N.M.)</subfield><subfield code="v">Newspapers.</subfield></datafield><datafield ind1=" " ind2="7" tag="650"><subfield code="a">Hispanic Americans.</subfield><subfield code="2">fast</subfield><subfield code="0">(OCoLC)fst00957523</subfield></datafield><datafield ind1=" " ind2="7" tag="651"><subfield code="a">New Mexico.</subfield><subfield code="2">fast</subfield><subfield code="0">(OCoLC)fst01204269</subfield></datafield><datafield ind1=" " ind2="7" tag="655"><subfield code="a">Newspapers.</subfield><subfield code="2">fast</subfield><subfield code="0">(OCoLC)fst01423814</subfield></datafield><datafield ind1=" " ind2=" " tag="752"><subfield code="a">United States</subfield><subfield code="b">New Mexico</subfield><subfield code="c">Mora County</subfield><subfield code="d">Wagon Mound.</subfield></datafield><datafield ind1="0" ind2="0" tag="785"><subfield code="t">Wagon Mound sentinel</subfield><subfield code="w">(DLC)sn 92070479</subfield><subfield code="w">(OCoLC)26870085</subfield></datafield><datafield ind1="1" ind2=" " tag="787"><subfield code="t">Combate (Wagon Mound, N.M.)</subfield><subfield code="w">(DLC)sn 87056986</subfield><subfield code="w">(OCoLC)15129039</subfield></datafield><datafield ind1="1" ind2=" " tag="029"><subfield code="a">AU@</subfield><subfield code="b">000020737110</subfield></datafield></record>